<?xml version="1.0" encoding="UTF-8"?>
<zs:searchRetrieveResponse xmlns:zs="http://www.loc.gov/zing/srw/">
  <zs:version>1.1</zs:version>
  <zs:numberOfRecords>3</zs:numberOfRecords>
  <zs:records>
    <zs:record>
      <zs:recordSchema/>
      <zs:recordPacking>xml</zs:recordPacking>
      <zs:recordData>
        <record xmlns="http://www.loc.gov/MARC21/slim">
          <leader>01373cam a22003251  4500</leader>
          <controlfield tag="001">7468992</controlfield>
          <controlfield tag="005">20030711133525.0</controlfield>
          <controlfield tag="008">760210s1956    enk           000 0 fre c</controlfield>
          <datafield tag="035" ind1=" " ind2=" ">
            <subfield code="9">(DLC)a  57007539</subfield>
          </datafield>
          <datafield tag="906" ind1=" " ind2=" ">
            <subfield code="a">7</subfield>
            <subfield code="b">cbc</subfield>
            <subfield code="c">oclcrpl</subfield>
            <subfield code="d">u</subfield>
            <subfield code="e">ncip</subfield>
            <subfield code="f">19</subfield>
            <subfield code="g">y-gencatlg</subfield>
          </datafield>
          <datafield tag="010" ind1=" " ind2=" ">
            <subfield code="a">a  57007539 </subfield>
          </datafield>
          <datafield tag="035" ind1=" " ind2=" ">
            <subfield code="a">(OCoLC)1980159</subfield>
          </datafield>
          <datafield tag="040" ind1=" " ind2=" ">
            <subfield code="a">Chicago.  Univ.  Libr.</subfield>
            <subfield code="c">MiEM</subfield>
            <subfield code="d">DLC</subfield>
          </datafield>
          <datafield tag="041" ind1="0" ind2=" ">
            <subfield code="a">freeng</subfield>
          </datafield>
          <datafield tag="050" ind1="0" ind2="0">
            <subfield code="a">BX9450</subfield>
            <subfield code="b">.H8 vol. 45</subfield>
          </datafield>
          <datafield tag="110" ind1="1" ind2=" ">
            <subfield code="a">London (England).</subfield>
            <subfield code="b">Église de la patente, Soho.</subfield>
          </datafield>
          <datafield tag="245" ind1="1" ind2="0">
            <subfield code="a">Registers of the churches of La Patente de Soho, Wheeler Street, Swanfields, and Hoxton,</subfield>
            <subfield code="b">also the repertoire general.</subfield>
            <subfield code="c">Edited for the Huguenot Society of London by Susan Minet.</subfield>
          </datafield>
          <datafield tag="260" ind1=" " ind2=" ">
            <subfield code="a">[Frome,</subfield>
            <subfield code="b">Printed by Butler &amp; Tanner]</subfield>
            <subfield code="c">1956</subfield>
          </datafield>
          <datafield tag="300" ind1=" " ind2=" ">
            <subfield code="a">1 v. (various pagings)</subfield>
            <subfield code="c">27 cm.</subfield>
          </datafield>
          <datafield tag="490" ind1="1" ind2=" ">
            <subfield code="a">Publications of the Huguenot Society of London,</subfield>
            <subfield code="v">45</subfield>
          </datafield>
          <datafield tag="500" ind1=" " ind2=" ">
            <subfield code="a">"Four hundred copies privately printed."</subfield>
          </datafield>
          <datafield tag="650" ind1=" " ind2="0">
            <subfield code="a">Registers of births, etc.</subfield>
            <subfield code="z">England</subfield>
            <subfield code="z">London.</subfield>
          </datafield>
          <datafield tag="650" ind1=" " ind2="0">
            <subfield code="a">Huguenots</subfield>
            <subfield code="z">England</subfield>
            <subfield code="z">London.</subfield>
          </datafield>
          <datafield tag="710" ind1="1" ind2=" ">
            <subfield code="a">London (England).</subfield>
            <subfield code="b">Église de Wheeler Street.</subfield>
          </datafield>
          <datafield tag="710" ind1="1" ind2=" ">
            <subfield code="a">London (England).</subfield>
            <subfield code="b">Église de Swanfields.</subfield>
          </datafield>
          <datafield tag="710" ind1="1" ind2=" ">
            <subfield code="a">London (England).</subfield>
            <subfield code="b">Église françoise de Hoxton.</subfield>
          </datafield>
          <datafield tag="700" ind1="1" ind2=" ">
            <subfield code="a">Minet, Susan,</subfield>
            <subfield code="d">1884-</subfield>
            <subfield code="e">ed.</subfield>
          </datafield>
          <datafield tag="810" ind1="2" ind2=" ">
            <subfield code="a">Huguenot Society of London.</subfield>
            <subfield code="t">Publications ;</subfield>
            <subfield code="v">45</subfield>
          </datafield>
          <datafield tag="985" ind1=" " ind2=" ">
            <subfield code="e">OCLC REPLACEMENT</subfield>
          </datafield>
          <datafield tag="991" ind1=" " ind2=" ">
            <subfield code="b">c-GenColl</subfield>
            <subfield code="h">BX9450</subfield>
            <subfield code="i">.H8 vol. 45</subfield>
            <subfield code="t">Copy 1</subfield>
            <subfield code="w">OCLCREP</subfield>
          </datafield>
        </record>
      </zs:recordData>
      <zs:recordPosition>1</zs:recordPosition>
    </zs:record>